@article{Ferreira:13,
  author = 	 {Rafael Ferreira and Fred Freitas and Patrick Brito and Jean Melo and Rinaldo Lima and Evandro Costa},
  title = 	 {RetriBlog: An architecture-centered framework for developing blog crawlers},
  journal  = 	 {Expert Systems with Application},
  year = 	 {2013}
}

@article{Sriram:10,
  author = 	 "Bharath Sriram and David Fuhry and Engin Demir and Hakan Ferhatosmanoglu and Murat Demirbas",
  title = 	 "Short Text Classification in Twitter to Improve Information Filtering",
  journal = 	 "ACM",
  year = 	 "2010"
}

@article{Endarnoto:11,
	author = 	 "S. K. Endarnoto and S. Pradipta and A. S. Nugroho and J. Purnama",
	title = 	 "Traffic Condition Information Extraction & Visualization from Social Media Twitter for Android Mobile Application",
	journal = 	 "Electrical Engineering and Informatics (ICEEI), 2011 International Conference on",
	year = 	 "2011"
}

@article{Ritter:12,
	author = 	 "Alan Ritter and Mausam and Oren Etzioni and Sam Clark",
	title = 	 "Open domain event extraction from twitter",
	journal = 	 "KDD '12 Proceedings of the 18th ACM SIGKDD international conference on Knowledge discovery and data mining",
	year = 	 "2012"
}

@article{Roche:08,
  author = 	 "Mathieu Roche and Violaine Prince",
  title = 	 "Managing the Acronym/Expansion Identification Process for Text-Mining Applications",
  journal = 	 "Int J Software Informatics",
  year = 	 "2008"
}

@article{Gimpel:11,
  author = 	 "Kevin Gimpel and Nathan Schneider and Brendan O'Connor and Dipanjan Das and Daniel Mills and Jacob Eisenstein and Michael Heilman and Dani Yogatama and Jeffrey Flanigan and Noah A. Smith",
  title = 	 "Part-of-Speech Tagging for Twitter: Annotation, Features, and Experiments",
  journal = 	 "Proceedings of the 49th Annual Meeting of the Association for Computational Linguistics: Human Language Technologies",
  year = 	 "2011"
}

@article{Bermingham:11,
  author = 	 "Adam Bermingham and Alan F. Smeaton",
  title = 	 "On Using Twitter to Monitor Political Sentiment and Predict Election Results",
  journal = 	 "Workshop at the International Joint Conference for Natural Language Processing",
  year = 	 "2011"
}

@article{Bollen:11,
  author = 	 "Johan Bollen and Huina Mao and Xiaojun Zeng",
  title = 	 "Twitter mood predicts the stock market",
  journal = 	 "Journal of Computational Science",
  year = 	 "2011"
}

@online{NetLiveStats,
    author    = "Internet Live Stats",
    title     = "Twitter Usage Statistics",
    url       = "http://www.internetlivestats.com/twitter-statistics/",
	urldate = {2013-05-16}} 
}